@INPROCEEDINGS{urbanxor,
    author={Cruz, E.P.F. and Campos, C.A.V. and Pasquini, R. and Faina, L.F. and Oliveira, R.},
    booktitle={Wireless Communications and Networking Conference (WCNC), 2012 IEEE},
    title={Performance analysis of XOR-based routing in urban vehicular ad hoc networks},
    year={2012},
    pages={2521-2525},
    keywords={mobility management (mobile radio);routing protocols;telecommunication traffic;vehicular ad hoc networks;URBAN_XOR protocol;VANE;XOR-based flat routing mechanism;XOR-based routing;end-to-end delay reduction;frequent network mobility management;network stability;path availability ratio;path duration;path length;performance analysis;traffic forwarding;urban vehicular ad hoc network;Ad hoc networks;Availability;Delay;Routing;Routing protocols;Vehicles},
    doi={10.1109/WCNC.2012.6214223},
    ISSN={1525-3511},
    month={April}
}

@ARTICLE{Hong,
    author={Xiaoyan Hong and Kaixin Xu and Gerla, M.},
    journal={Network, IEEE},
    title={Scalable routing protocols for mobile ad hoc networks},
    year={2002},
    volume={16},
    number={4},
    pages={11-21},
    keywords={Global Positioning System;mobile radio;packet radio networks;protocols;telecommunication network routing;GPS augmented routing schemes;flat routing protocols;geographical routing schemes;hierarchical routing;mobile ad hoc networks;operational features;scalability properties;scalable routing protocols;Access protocols;Ad hoc networks;Contracts;Frequency;Global Positioning System;Mobile ad hoc networks;Monitoring;Proposals;Routing protocols;Scalability},
    doi={10.1109/MNET.2002.1020231},
    ISSN={0890-8044},
    month={Jul}
}

@ARTICLE{dart,
    author={Eriksson, J. and Faloutsos, Michalis and Krishnamurthy, S.V.},
    journal={Networking, IEEE/ACM Transactions on},
    title={DART: Dynamic Address RouTing for Scalable Ad Hoc and Mesh Networks},
    year={2007},
    volume={15},
    number={1},
    pages={119-132},
    keywords={ad hoc networks;routing protocols;ad hoc protocol;dynamic address routing;mesh networks;scalable ad hoc;transient routing address;unique permanent identifier;Ad hoc networks;Explosives;Government;Instruction sets;Internet;Large-scale systems;Mesh networks;Routing protocols;Scalability;Wireless mesh networks;Ad hoc networks;mesh networks;routing;scalability;wireless networks},
    doi={10.1109/TNET.2006.890092},
    ISSN={1063-6692},
    month={Feb}
}

@mastersthesis{ntk,
    author = {Andrea Lo Pumo},
    title = {Scalable Mesh Networks and The Address Space Balancing Problem},
    year = {2010}
}

@article{Abid,
    author = {Abid, Shahbaz Akhtar and Othman, Mazliza and Shah, Nadir},
    title = {A Survey on DHT-Based Routing for Large-Scale Mobile Ad Hoc Networks},
    journal = {ACM Comput. Surv.},
    issue_date = {January 2015},
    volume = {47},
    number = {2},
    month = aug,
    year = {2014},
    issn = {0360-0300},
    pages = {20:1--20:46},
    articleno = {20},
    numpages = {46},
    url = {http://doi.acm.org/10.1145/2632296},
    doi = {10.1145/2632296},
    acmid = {2632296},
    publisher = {ACM},
    address = {New York, NY, USA},
    keywords = {Wireless networks, distributed hash tables, logical network, mismatch problem, overlays, routing, scalability},
} 
